@misc{ref:reibwerte,
    title = {Reibwerte},
    howpublished = {\url{http://www.schweizer-fn.de/stoff/reibwerte/reibwerte.php}},
    note = {Abgerufen, 16-11-21 17:40}
}

