% Encoding: UTF-8

@Misc{ref:wiki:schaerfentiefe,
  author       = {Wikipedia},
  title        = {{Schärfentiefe}},
  year         = {2017},
  howpublished = {\url{https://de.wikipedia.org/wiki/Sch\%C3\%A4rfentiefe}},
  note         = {[Online; accessed 07-May-2017]}
}

@Misc{ref:Linsengleichung,
  author       = {Rothhardt, Robert},
  title        = {{Linsengleichung}},
  howpublished = {\url{http://www.roro-seiten.de/uhu/index.php?page=2873}},
  note         = {[Online; accessed 07-May-2017]}
}

@Misc{ref:perfektfokusiert,
  author       = {Scharf, Rainer},
  title        = {{Perfekt fokussiert durch Unordnung}},
  year         = {2010},
  howpublished = {\url{http://www.pro-physik.de/details/news/prophy12713news/news.html?laid=12713}},
  note         = {[Online; accessed 07-May-2017]}
}

@Misc{ref:bver:stefan,
  author       = {Umbricht, Stefan and Keller, Jürg},
  title        = {{Schärfe und Lichtmenge}},
  year         = {2017}
}

@Misc{ref:stemmer,
  author       = {{STEMMER IMAGING}},
  title        = {{Testchart}},
  year         = {2017},
  howpublished = {\url{https://www.stemmer-imaging.ch/de/grundlagen/testchart/}},
  note         = {[Online; accessed 07-May-2017]}
}


@PhdThesis{ref:mwrfilter,
  author = {Lee, Ju Seop},
  title  = {Microwave Resonator Filters for Advanced Wireless Systems},
  year   = {2009},
  url    = {http://www.eecs.umich.edu/radlab/html/NEWDISS/Juseop_Lee.pdf},
  school = {University of Michigan},
}

@Electronic{ref:stainless:hypertextbook,
Title                    = {Resistivity of Steel},
Author                   = {Glenn Elert},
Url                      = {http://hypertextbook.com/facts/2006/UmranUgur.shtml},
  Note                     = {[Stand: 08. November 2015]},
  Organization             = {Hypertextbook.com}
}

@Electronic{ref:aw:github,
  Title                    = {Laborjournal},
  Author                   = {Raphael Frey},
  Url                      = {https://github.com/alpenwasser/laborjournal},
  Note                     = {[Stand: 19. Oktober 2015]},
  Organization             = {github}
}

@book{ref:tbm,
  title={Tabellenbuch Mechatronik: Tabellen, Formeln, Normenanwendung},
  author={H{\"a}berle, G.},
  isbn={9783808545041},
  series={Europa-Fachbuchreihe f{\"u}r Mechatronik},
  year={2006},
  publisher={Verlag Europa-Lehrmittel}
}

@Inbook{ref:kuchling:resistivityTable,
  Title                    = {Taschenbuch der Physik},
  Author                   = {Horst Kuchling},
  Year                     = {2001},
  Edition                  = {17},
  Pages                    = {649},
  Publisher                = {Fachbuchverlag Leipzig},

  Address                  = {M\"unchen, Wien}
}

@Inbook{ref:kuchling:speedOfSoundFormula,
  Title                    = {Taschenbuch der Physik},
  Author                   = {Horst Kuchling},
  Year                     = {2001},
  Edition                  = {17},
  Pages                    = {332},
  Publisher                = {Fachbuchverlag Leipzig},

  Address                  = {M\"unchen, Wien}
}

@Inbook{ref:kuchling:speedOfSoundTable,
  Title                    = {Taschenbuch der Physik},
  Author                   = {Horst Kuchling},
  Year                     = {2001},
  Edition                  = {17},
  Pages                    = {641},
  Publisher                = {Fachbuchverlag Leipzig},

  Address                  = {M\"unchen, Wien}
}

@Book{ref:looser:skineffekt,
  Title                    = {E11 -- Induktion/Skineffekt},
  Author                   = {Herbert Looser},
  Year                     = {2015},
  Publisher                = {FHNW Aargau},

  Address                  = {Windisch}
}

@Book{ref:looser:o9,
  Title                    = {O9 -- Interferenz und Beugung},
  Author                   = {Herbert Looser},
  Year                     = {2016},
  Publisher                = {FHNW Aargau},

  Address                  = {Windisch}
}

@Electronic{ref:sc,
  Title                    = {sc: the Venerable Spreadsheet Calculator},
  Url                      = {http://www.linuxjournal.com/article/10699},
  Note                     = {[Stand: 18. Oktober 2015]},
  Organization             = {linuxjournal}
}

@Electronic{ref:scim,
  Title                    = {SC-IM},
  Url                      = {https://github.com/andmarti1424/sc-im},
  Note                     = {[Stand: 18. Oktober 2015]},
  Organization             = {github}
}

@Electronic{ref:stainless:aksteel,
  Title                    = {Datasheet -- 304/304L Stainless Steel},
  Url                      = {http://www.aksteel.com/pdf/markets_products/stainless/austenitic/304_304L_Data_Sheet.pdf},
  Note                     = {[Stand: 08. November 2015]},
  Organization             = {AK Steel Corporation}
}

@Electronic{ref:stainless:stahlwerke,
  Title                    = {Datenblatt -- Nichtrostender austenitischer Stahl},
  Url                      = {http://www.dew-stahl.com/fileadmin/files/dew-stahl.com/documents/Publikationen/Werkstoffdatenblaetter/RSH/1.4301_de.pdf},
  Note                     = {[Stand: 08. November 2015]},
  Organization             = {Deutsche Edelstahlwerke}
}

@Electronic{ref:ti89:regression,
  Title                    = {Linear Regression Using the TI-89 Calculator},
  Url                      = {http://home2.fvcc.edu/~erady/Classes/Calc-F07/ti89regression.pdf},
  Note                     = {[Stand: 18. Oktober 2015]},
  Organization             = {Flathead Valley Community College}
}

@Electronic{ref:wikipedia:abklingkonstante,
  Title                    = {Abklingkonstante},
  Url                      = {https://de.wikipedia.org/wiki/Abklingkonstante},
  Note                     = {[Stand: 16. Oktober 2015]},
  Organization             = {Wikipedia}
}

@Electronic{ref:wikipedia:bessel,
  Title                    = {Besselsche Differentialgleichung},
  Url                      = {https://de.wikipedia.org/wiki/Besselsche_Differentialgleichung},
  Note                     = {[Stand: 02. Oktober 2015]},
  Organization             = {Wikipedia}
}

@Electronic{ref:wikipedia:lenzscheRegel,
  Title                    = {Lenz'sche Regel},
  Url                      = {https://de.wikipedia.org/wiki/Lenzsche_Regel},
  Note                     = {[Stand: 02. November 2015]},
  Organization             = {Wikipedia}
}

@Electronic{ref:wikipedia:lineareRegression,
  Title                    = {Lineare Regression},
  Url                      = {https://de.wikipedia.org/wiki/Lineare_Regression},
  Note                     = {[Stand: 18. Oktober 2015]},
  Organization             = {Wikipedia}
}

@Electronic{ref:wikipedia:logarithmDekr,
  Title                    = {Logarithmisches Dekrement},
  Url                      = {https://de.wikipedia.org/wiki/Logarithmisches_Dekrement},
  Note                     = {[Stand: 16. Oktober 2015]},
  Organization             = {Wikipedia}
}

@Electronic{ref:wikipedia:periode,
  Title                    = {Periode (Physik)},
  Url                      = {https://de.wikipedia.org/wiki/Periode_(Physik)},
  Note                     = {[Stand: 16. Oktober 2015]},
  Organization             = {Wikipedia}
}

@Electronic{ref:wikipedia:speedOfSound,
  Title                    = {Speed of Sound},
  Url                      = {https://en.wikipedia.org/wiki/Speed_of_sound#Practical_formula_for_dry_air},
  Note                     = {[Stand: 18. Oktober 2015]},
  Organization             = {Wikipedia}
}

@InBook{ref:meyer:infogl,
  author    = {Meyer, Martin},
  title     = {Grundlagen der Informationstechnik: Signale, Systeme und Filter},
  year      = {2013},
  series    = {Vieweg Praxiswissen},
  publisher = {Vieweg+Teubner Verlag},
  isbn      = {9783322915825},
  url       = {https://books.google.ch/books?id=zPIjBgAAQBAJ},
}

@Book{ref:nik:mlab4,
  author    = {Peter Niklaus},
  title     = {Mathematisches Labor mlab - Versuch 4},
  year      = {2009},
  date      = {15.08.2009},
  publisher = {FHNW Aargau},
  address   = {Windisch},
}

@Book{ref:Cameron2007,
  author    = {Cameron, Richard J and Mansour, Raafat and Kudsia, Chandra M},
  title     = {Microwave filters for communication systems: fundamentals, design and applications},
  year      = {2007},
  publisher = {Wiley-Interscience},
}

@Article{Khan,
  author = {Khan, Ayesha Kosar and Nazir, Rabia and Sheikh, Noor M},
  title  = {Design and Development of Fork Waveguide Output Multiplexers},
}

@Article{Riddle2007,
  author    = {Riddle, Alfy and Schindler, Fred},
  title     = {The World Is Flat A Brief History of the Twenty-First Century [Book Review]},
  year      = {2007},
  volume    = {8},
  number    = {6},
  pages     = {104--114},
  journal   = {IEEE Microwave Magazine},
  publisher = {IEEE},
}

@InProceedings{Martinez-Mendoza2014,
  author       = {Martinez-Mendoza, M and Rebenaque, D Canete and Alvarez-Melcon, A},
  title        = {Synthesis and design of a dual-band dual-mode filter in all inductive waveguide technology},
  booktitle    = {Microwave Conference (EuMC), 2014 44th European},
  year         = {2014},
  organization = {IEEE},
  pages        = {612--615},
}

@Article{Pidhurska2015,
  author    = {Pidhurska, Tetiana V and Trubin, AA},
  title     = {Dual-bandpass filter built on rectangular dielectric resonators},
  year      = {2015},
  volume    = {58},
  number    = {4},
  pages     = {174--180},
  journal   = {Radioelectronics and Communications Systems},
  publisher = {Springer},
}

@InProceedings{Vera2011,
  author       = {Vera, P and Quesada, FD and Melcon, A Alvarez and Ros, A Martinez and Tornero, JL G and Gimeno, B and Esbert, VE Boria},
  title        = {Novel integral equation formulation for the analysis of capacitive waveguide filters containing dielectric objects},
  booktitle    = {Antennas and Propagation (APSURSI), 2011 IEEE International Symposium on},
  year         = {2011},
  organization = {IEEE},
  pages        = {197--200},
}

@Article{Подгурская2015,
  author  = {Подгурская, Татьяна Викторовна and Трубин, Александр Алексеевич},
  title   = {Двухполосный фильтр на прямоугольных диэлектрических резонаторах},
  year    = {2015},
  volume  = {58},
  number  = {4},
  pages   = {41--49},
  journal = {Известия высших учебных заведений. Радиоэлектроника},
}

@InProceedings{Pereira2016,
  author       = {Pereira, Fernando Quesada and Perez, Antonio Romera and Castejon, Pedro Vera and Melcon, Alejandro Alvarez},
  title        = {Integral equation analysis of capacitive waveguide circuits},
  booktitle    = {Mathematical Methods in Electromagnetic Theory (MMET), 2016 IEEE International Conference on},
  year         = {2016},
  organization = {IEEE},
  pages        = {71--76},
}

@Article{STEPANEK,
  author = {{\v{S}}T{\v{E}}P{\'A}NEK, PR{\'A}CE Bc MICHAL and WOLANSK{\'Y}, DAVID},
  title  = {N{\'A}VRH DIPLEXERU NA B{\'A}ZI KOAXI{\'A}LN{\'I}CH REZON{\'A}TOR{\UU}},
}

@Book{Kahle2013,
  author        = {Kahle, Werner and Frotscher, Michael},
  title         = {Taschenatlas Anatomie, Band 3: Nervensystem und Sinnesorgane},
  year          = {2013},
  publisher     = {Georg Thieme Verlag},
  __markedentry = {[florian:]},
}

@Book{Bellebaum2012,
  author        = {Bellebaum, Christian and Thoma, Patrizia and Daum, Irene},
  title         = {Neuropsychologie},
  year          = {2012},
  publisher     = {Springer},
  __markedentry = {[florian:6]},
}

@Online{Jarosz2009,
  author = {Quasar Jarosz},
  title  = {Neuron Hand-tuned},
  year   = {2009},
  date   = {2009-11-08},
  url    = {https://commons.wikimedia.org/wiki/File:Neuron_Hand-tuned.svg},
}

@Misc{wiki:Neuron,
  author       = {Wikipedia},
  title        = {{Neuron}},
  year         = {2017},
  howpublished = {\url{http://en.wikipedia.org/w/index.php?title=Neuron&oldid=760528721}},
  note         = {[Online; accessed 20-January-2017]},
}

@Online{Bilz0r2006,
  author = {Bilz0r},
  title  = {Current Clamp recording of Neuron},
  year   = {2006},
  date   = {2006-10-06},
  url    = {https://commons.wikimedia.org/wiki/File:Current_Clamp_recording_of_Neuron.GIF},
}

@Article{hebb2002organization,
  author  = {Hebb, DO},
  title   = {The organization of behavior. 1949},
  year    = {2002},
  journal = {New York Wiely},
}

@Misc{wiki:Baddeleys_Arbeitsgedachtnismodell,
  author       = {Wikipedia},
  title        = {{Baddeleys Arbeitsgedächtnismodell}a},
  year         = {2017},
  howpublished = {\url{http://de.wikipedia.org/w/index.php?title=Baddeleys%20Arbeitsged%C3%A4chtnismodell&oldid=161734333}},
  note         = {[Online; accessed 20-January-2017]},
}

@Misc{wiki:Millersche_Zahl,
  author       = {Wikipedia},
  title        = {{Millersche Zahl}},
  year         = {2017},
  howpublished = {\url{http://de.wikipedia.org/w/index.php?title=Millersche%20Zahl&oldid=161689289}},
  note         = {[Online; accessed 20-January-2017]},
}

@Misc{wiki:Short-term_memory,
  author       = {Wikipedia},
  title        = {Short-term memory},
  year         = {2017},
  howpublished = {\url{http://en.wikipedia.org/w/index.php?title=Short-term%20memory&oldid=759129674}},
  note         = {[Online; accessed 20-January-2017]},
}

@Misc{Kim00,
  author       = {Kim Scott},
  title        = {Artificial neural networks},
  howpublished = {\url{www.mit.edu/~kimscott/slides/ArtificialNeuralNetworks_LEAD2011.pdf}},
}

@Book{IntroNN2006,
  author    = {Kröse, Ben and van der Smagt, Patrick},
  title     = {An introduction to Neural Networks},
  year      = {1996},
  publisher = {The University of Amsterdam},
}

@Book{Fyfe1996,
  author    = {Colin Fyfe},
  title     = {Artificial Neural Networks},
  year      = {1996},
  publisher = {Department of Computing and Information Systems, The University of Paisley},
}

@Online{MNIST,
  author = {Yann LeCun, Corinna Cortes, Christopher Burges},
  title  = {The MNIST Database},
  url    = {http://yann.lecun.com/exdb/mnist/},
}

@Online{CS231n,
  author = {Andrej Karpathy},
  title  = {CS231n Convolutional Neural Networks for Visual Recognition},
  year   = {2016},
  url    = {http://cs231n.github.io/convolutional-networks/},
}

@Misc{wiki:cnn,
  author       = {Wikipedia},
  title        = {{Convolutional Neural Network}},
  year         = {2017},
  howpublished = {\url{http://de.wikipedia.org/w/index.php?title=Convolutional%20Neural%20Network&oldid=161729433}},
  note         = {[Online; accessed 20-January-2017]},
}

@Online{OCLMEM,
  author = {Björn König},
  title  = {OpenCL Memory model},
  year   = {2008},
  date   = {2008-11-08},
  url    = {https://de.wikipedia.org/wiki/Datei:OpenCL_Memory_model.svg},
}

@Comment{jabref-meta: databaseType:biblatex;}
