@misc{ref:TheComet93,
  author = {Alex Murray (TheComet93)},
  title = {Simulation einer Gleichstrommaschine},
  year = {2017},
  publisher = {GitHub},
  journal = {GitHub repository},
  howpublished = {\url{https://github.com/TheComet93/laborjournal/tree/master/versuche/sim}},
  commit = {master}
}
