@incollection{ref:schallgeschwindigkeit,
    author          = {Horst Kuchling},
    booktitle       = {Taschenbuch der Physik},
    year            = {2015},
    pages           = {642},
    note            = {schallgeschwindigkeit, luft, trocken, 20 deg C, 344 ms^-1}
}

