@misc{ref:linsen-simulation,
    title = {Simulation einer Linse},
    howpublished = {\url{https://phet.colorado.edu/sims/geometric-optics/geometric-optics_de.html}},
    note = {Abgerufen, 25-10-2015 17:20}
}

